<record><leader>00000cas a2200000 a 4500</leader><controlfield tag="001">31772727</controlfield><controlfield tag="007">hd bfu---baat</controlfield><controlfield tag="007">hd afu---bact</controlfield><controlfield tag="008">950106d1891189unbuwr nea     0    0eng c</controlfield><datafield ind1=" " ind2=" " tag="010"><subfield code="a">sn 95069003 </subfield></datafield><datafield ind1=" " ind2=" " tag="040"><subfield code="a">NVG</subfield><subfield code="b">eng</subfield><subfield code="c">NVG</subfield><subfield code="d">OCLCQ</subfield><subfield code="d">OCLCF</subfield><subfield code="d">OCLCO</subfield><subfield code="d">OCLCQ</subfield></datafield><datafield ind1=" " ind2=" " tag="042"><subfield code="a">pcc</subfield></datafield><datafield ind1=" " ind2=" " tag="043"><subfield code="a">n-us-nb</subfield></datafield><datafield ind1="0" ind2="0" tag="245"><subfield code="a">Keith County news and Ogalalla reflector.</subfield></datafield><datafield ind1="1" ind2="3" tag="246"><subfield code="a">Farmers' home paper</subfield></datafield><datafield ind1=" " ind2=" " tag="260"><subfield code="a">Ogalalla, Neb. :</subfield><subfield code="b">Wm. H. Mullane,</subfield><subfield code="c">1891-</subfield></datafield><datafield ind1=" " ind2=" " tag="300"><subfield code="a">volumes</subfield></datafield><datafield ind1=" " ind2=" " tag="310"><subfield code="a">Weekly</subfield></datafield><datafield ind1=" " ind2=" " tag="336"><subfield code="a">text</subfield><subfield code="b">txt</subfield><subfield code="2">rdacontent</subfield></datafield><datafield ind1=" " ind2=" " tag="337"><subfield code="a">microform</subfield><subfield code="b">h</subfield><subfield code="2">rdamedia</subfield></datafield><datafield ind1=" " ind2=" " tag="338"><subfield code="a">microfilm reel</subfield><subfield code="b">hd</subfield><subfield code="2">rdacarrier</subfield></datafield><datafield ind1="0" ind2=" " tag="362"><subfield code="a">Vol. 7, no. 43 (Jan. 15, 1891)-</subfield></datafield><datafield ind1=" " ind2=" " tag="580"><subfield code="a">Formed by the union of: Keith County news and: Ogalalla reflector.</subfield></datafield><datafield ind1=" " ind2=" " tag="580"><subfield code="a">Merged with: Keith County Republican, to form: Keith County news and Republican.</subfield></datafield><datafield ind1=" " ind2=" " tag="533"><subfield code="a">Microfilm.</subfield><subfield code="m">Jan. 15,1891-July 29,1892:[Lacks July 22,1892]</subfield><subfield code="b">Lincoln, Neb. :</subfield><subfield code="c">Nebraska State Historical Society.</subfield><subfield code="e">1 microfilm reel ; 35 mm.</subfield></datafield><datafield ind1=" " ind2="0" tag="651"><subfield code="a">Keith County (Neb.)</subfield><subfield code="v">Newspapers.</subfield></datafield><datafield ind1=" " ind2="7" tag="651"><subfield code="a">Nebraska</subfield><subfield code="z">Keith County.</subfield><subfield code="2">fast</subfield><subfield code="0">(OCoLC)fst01207244</subfield></datafield><datafield ind1=" " ind2="7" tag="655"><subfield code="a">Newspapers.</subfield><subfield code="2">fast</subfield><subfield code="0">(OCoLC)fst01423814</subfield></datafield><datafield ind1=" " ind2=" " tag="752"><subfield code="a">United States</subfield><subfield code="b">Nebraska</subfield><subfield code="c">Keith</subfield><subfield code="d">Ogalalla.</subfield></datafield><datafield ind1="1" ind2="4" tag="780"><subfield code="t">Keith County news</subfield><subfield code="w">(DLC)sn 95069001</subfield></datafield><datafield ind1="1" ind2="4" tag="780"><subfield code="t">Ogalalla reflector</subfield><subfield code="w">(DLC)sn 95069002</subfield></datafield><datafield ind1="1" ind2="7" tag="785"><subfield code="t">Keith County Republican</subfield></datafield><datafield ind1="1" ind2="7" tag="785"><subfield code="t">Keith County news and Republican</subfield><subfield code="w">(DLC)sn 95069004</subfield></datafield><datafield ind1="1" ind2=" " tag="029"><subfield code="a">AU@</subfield><subfield code="b">000011501854</subfield></datafield></record>